<add>
<doc>
<field name="marc_015a">cnb001025182</field>
<field name="marc_015a">80-86122-86-7</field>
<field name="marc_020q">(Repronis ;</field>
<field name="marc_035a">(CZ-PrSKC)cpk20011025182</field>
<field name="marc_040a">ABA001</field>

<field name="marc_040b">cze</field>
<field name="marc_100a">Prnka, Tasilo,</field>
<field name="author">Prnka, Tasilo,</field>
<field name="marc_100d">1932-2010</field>
<field name="marc_1004">aut</field>
<field name="marc_1007">ola2002110337</field>
<field name="marc_245p">Výzkum nanotechnologií a nanomateriálů v Evropě a USA /</field>
<field name="marc_245a">Pátý rámcový program evropského výzkumu a technického rozvoje.</field>
<field name="title">Pátý rámcový program evropského výzkumu a technického rozvoje.</field>
<field name="marc_245c">Tasilo Prnka ; Oborová kontaktní organizace pro průmyslový výzkum a vývoj v České republice - Svaz průmyslu a dopravy, Oborová kontaktní organizace pro výzkum materiálů a technologií - Česká společnost pro nové materiály a technologie</field>
<field name="marc_245n">5,</field>
<field name="marc_246a">Výzkum nanotechnologií a nanomateriálů v Evropě a USA</field>
<field name="marc_246a">5. rámcový program evropského výzkumu a technického rozvoje</field>

<field name="marc_250a">Vyd. 1.</field>
<field name="marc_260a">Ostrava :</field>
<field name="marc_260b">Repronis pro Českou společnost pro nové materiály,</field>
<field name="marc_260c">2001</field>
<field name="marc_710a">Oborová kontaktní organizace pro průmyslový výzkum a vývoj v České republice (projekt)</field>
<field name="marc_710a">Česká společnost pro nové materiály a technologie</field>
<field name="marc_710a">Česká společnost pro nové materiály a technologie.</field>

<field name="marc_7107">kn20020321414</field>
<field name="marc_7107">kn20020321415</field>
<field name="marc_7107">kn20020321416</field>
<field name="marc_710b">Oborová kontaktní organizace pro výzkum materiálů a technologií v České republice</field>
<field name="marc_856u">http://krameriusndk.nkp.cz/search/handle/uuid:41fde7c0-43a5-11e2-b246-005056827e52</field>
<field name="marc_856y">Digitalizovaný dokument</field>
<field name="marc_990a">A</field>

<field name="marc_992a">20200731</field>
<field name="marc_992a">20210109</field>
<field name="marc_992a">20210201</field>
<field name="marc_992b">batch</field>
<field name="marc_992b">batch</field>
<field name="marc_992b">batch</field>
<field name="marc_992s">PA</field>
<field name="marc_992s">NZ</field>
<field name="marc_992s">A</field>

<field name="marc_998a">DNT01-000102092</field>
<field name="marc_956u">http://krameriusndk.nkp.cz/search/handle/uuid:41fde7c0-43a5-11e2-b246-005056827e52</field>
<field name="marc_9569">A</field>
<field name="marc_996a">SKC01-000995692</field>
<field name="datum_stavu">2021-01-31T23:00:00Z</field>
<field name="datum_kurator_stav">2021-01-31T23:00:00Z</field>
<field name="historie_stavu">[{"stav":"PA","date":"20200731","license":"dnnto","user":"batch"},{"stav":"NZ","date":"20210109","license":"dnntt","user":"batch"},{"stav":"A","date":"20210201","license":"dnntt","user":"batch"}]</field>
<field name="historie_kurator_stavu">[{"stav":"PA","date":"20200731","license":"dnnto","user":"batch"},{"stav":"NZ","date":"20210109","license":"dnntt","user":"batch"},{"stav":"A","date":"20210201","license":"dnntt","user":"batch"}]</field>

<field name="license">dnnto</field>
<field name="dntstav">A</field>
<field name="kuratorstav">A</field>

<field name="granularity">{"stav":["A"],"license":"dnnto","link":"http://krameriusndk.nkp.cz/search/handle/uuid:41fde7c0-43a5-11e2-b246-005056827e52","kuratorstav":["A"]}</field>

<field name="dedup_fields">999ef4e11f960739e1a39b5339afe06e</field>
<field name="frbr">tasilo,prnka|1932-2010/|patyramcovyprogramevropskehovyzkumuatechnickehorozvoje.|5,|vyzkumnanotechnologiiananomaterialuvevropeausa/</field>
<field name="ean"> 9788086122861</field>
<field name="identifier">oai:aleph-nkp.cz:DNT01-000102092</field>
<field name="datestamp">2022-04-08T18:05:55Z</field>
<field name="setSpec">DNT-ALL</field>
<field name="leader"> nam a22 a 4500</field>
<field name="controlfield_001">000102092</field>
<field name="controlfield_003">CZ PrDNT</field>
<field name="controlfield_005">20060503082814.0</field>
<field name="controlfield_007">tu</field>
<field name="controlfield_008">011102s2001 xr e 000 0 cze </field>
<field name="record_status">n</field>
<field name="type_of_resource">a</field>
<field name="item_type">m</field>
<field name="fmt">BK</field>
<field name="nakladatel">Repronis pro Českou společnost pro nové materiály</field>
<field name="sigla">ABA001</field>

<field name="language">cze</field>
<field name="place_of_pub">xr </field>
<field name="type_of_date">s</field>
<field name="date1">2001</field>
<field name="date2"> </field>
<field name="date1_int">2001</field>
<field name="is_proposable">true</field>
<field name="title_sort">Pátý rámcový program evropského výzkumu a technického rozvoje.</field>
<field name="nazev"> Pátý rámcový program evropského výzkumu a technického rozvoje. Výzkum nanotechnologií a nanomateriálů v Evropě a USA / Tasilo Prnka ; Oborová kontaktní organizace pro průmyslový výzkum a vývoj v České republice - Svaz průmyslu a dopravy, Oborová kontaktní organizace pro výzkum materiálů a technologií - Česká společnost pro nové materiály a technologie 5,</field>
<field name="rokvydani">2001</field>
<field name="digital_libraries">ABA001</field>
<field name="raw">{"identifier":"oai:aleph-nkp.cz:DNT01-000102092","datestamp":"2022-04-08T18:05:55Z","leader":" nam a22 a 4500","controlFields":{"008":"011102s2001 xr e 000 0 cze ","001":"000102092","003":"CZ PrDNT","005":"20060503082814.0","007":"tu"},"kuratorstav":[],"dntstav":[],"setSpec":"DNT-ALL","historie_granulovaneho_stavu":[],"historie_stavu":[],"dataFields":{"080":[{"ind2":" ","ind1":" ","index":0,"tag":"080","subFields":{"a":[{"code":"a","index":0,"value":"621.3.049.76"}],"2":[{"code":"2","index":1,"value":"MRF"}]}},{"ind2":" ","ind1":" ","index":0,"tag":"080","subFields":{"a":[{"code":"a","index":0,"value":"62-022.532"}],"2":[{"code":"2","index":1,"value":"MRF"}]}},{"ind2":" ","ind1":" ","index":0,"tag":"080","subFields":{"a":[{"code":"a","index":0,"value":"001.891"}],"2":[{"code":"2","index":1,"value":"MRF"}]}},{"ind2":" ","ind1":" ","index":0,"tag":"080","subFields":{"a":[{"code":"a","index":0,"value":"005.591"}],"2":[{"code":"2","index":1,"value":"MRF"}]}},{"ind2":" ","ind1":" ","index":0,"tag":"080","subFields":{"a":[{"code":"a","index":0,"value":"(036)"}],"2":[{"code":"2","index":1,"value":"MRF"}]}}],"072":[{"ind2":"7","ind1":" ","index":0,"tag":"072","subFields":{"x":[{"code":"x","index":1,"value":"Technika všeobecně"}],"a":[{"code":"a","index":0,"value":"62"}],"9":[{"code":"9","index":3,"value":"19"}],"2":[{"code":"2","index":2,"value":"Konspekt"}]}}],"040":[{"ind2":" ","ind1":" ","index":0,"tag":"040","subFields":{"a":[{"code":"a","index":0,"value":"ABA001"}],"b":[{"code":"b","index":1,"value":"cze"}]}}],"260":[{"ind2":" ","ind1":" ","index":0,"tag":"260","subFields":{"a":[{"code":"a","index":0,"value":"Ostrava :"}],"b":[{"code":"b","index":1,"value":"Repronis pro Českou společnost pro nové materiály,"}],"c":[{"code":"c","index":2,"value":"2001"}]}}],"250":[{"ind2":" ","ind1":" ","index":0,"tag":"250","subFields":{"a":[{"code":"a","index":0,"value":"Vyd. 1."}]}}],"020":[{"ind2":" ","ind1":" ","index":0,"tag":"020","subFields":{"a":[{"code":"a","index":0,"value":"80-86122-86-7"}],"q":[{"code":"q","index":1,"value":"(Repronis ;"},{"code":"q","index":2,"value":"brož.)"}]}}],"990":[{"ind2":" ","ind1":" ","index":0,"tag":"990","subFields":{"a":[{"code":"a","index":0,"value":"A"}]}}],"100":[{"ind2":" ","ind1":"1","index":0,"tag":"100","subFields":{"a":[{"code":"a","index":0,"value":"Prnka, Tasilo,"}],"d":[{"code":"d","index":1,"value":"1932-2010"}],"4":[{"code":"4","index":3,"value":"aut"}],"7":[{"code":"7","index":2,"value":"ola2002110337"}]}}],"650":[{"ind2":"7","ind1":"0","index":0,"tag":"650","subFields":{"a":[{"code":"a","index":0,"value":"nanotechnologie"}],"2":[{"code":"2","index":2,"value":"czenas"}],"7":[{"code":"7","index":1,"value":"ph123164"}]}},{"ind2":"7","ind1":"0","index":0,"tag":"650","subFields":{"a":[{"code":"a","index":0,"value":"nanoelektronika"}],"2":[{"code":"2","index":2,"value":"czenas"}],"7":[{"code":"7","index":1,"value":"ph138052"}]}},{"ind2":"7","ind1":"0","index":0,"tag":"650","subFields":{"a":[{"code":"a","index":0,"value":"nanomateriály"}],"2":[{"code":"2","index":2,"value":"czenas"}],"7":[{"code":"7","index":1,"value":"ph138053"}]}},{"ind2":"7","ind1":"0","index":0,"tag":"650","subFields":{"a":[{"code":"a","index":0,"value":"vědecký výzkum"}],"2":[{"code":"2","index":2,"value":"czenas"}],"7":[{"code":"7","index":1,"value":"ph116680"}]}},{"ind2":"7","ind1":"0","index":0,"tag":"650","subFields":{"a":[{"code":"a","index":0,"value":"programy a projekty"}],"2":[{"code":"2","index":2,"value":"czenas"}],"7":[{"code":"7","index":1,"value":"ph255086"}]}}],"035":[{"ind2":" ","ind1":" ","index":0,"tag":"035","subFields":{"a":[{"code":"a","index":0,"value":"(CZ-PrSKC)cpk20011025182"}]}}],"992":[{"ind2":" ","ind1":" ","index":0,"tag":"992","subFields":{"a":[{"code":"a","index":1,"value":"20200731"}],"b":[{"code":"b","index":2,"value":"batch"}],"s":[{"code":"s","index":0,"value":"PA"}]}},{"ind2":" ","ind1":" ","index":0,"tag":"992","subFields":{"a":[{"code":"a","index":1,"value":"20210109"}],"b":[{"code":"b","index":2,"value":"batch"}],"s":[{"code":"s","index":0,"value":"NZ"}]}},{"ind2":" ","ind1":" ","index":0,"tag":"992","subFields":{"a":[{"code":"a","index":1,"value":"20210201"}],"b":[{"code":"b","index":2,"value":"batch"}],"s":[{"code":"s","index":0,"value":"A"}]}}],"245":[{"ind2":"0","ind1":"1","index":0,"tag":"245","subFields":{"p":[{"code":"p","index":2,"value":"Výzkum nanotechnologií a nanomateriálů v Evropě a USA /"}],"a":[{"code":"a","index":0,"value":"Pátý rámcový program evropského výzkumu a technického rozvoje."}],"c":[{"code":"c","index":3,"value":"Tasilo Prnka ; Oborová kontaktní organizace pro průmyslový výzkum a vývoj v České republice - Svaz průmyslu a dopravy, Oborová kontaktní organizace pro výzkum materiálů a technologií - Česká společnost pro nové materiály a technologie"}],"n":[{"code":"n","index":1,"value":"5,"}]}}],"300":[{"ind2":" ","ind1":" ","index":0,"tag":"300","subFields":{"a":[{"code":"a","index":0,"value":"67 s. ;"}],"c":[{"code":"c","index":1,"value":"25 cm"}]}}],"015":[{"ind2":" ","ind1":" ","index":0,"tag":"015","subFields":{"a":[{"code":"a","index":0,"value":"cnb001025182"}]}}],"246":[{"ind2":"0","ind1":"3","index":0,"tag":"246","subFields":{"a":[{"code":"a","index":0,"value":"Výzkum nanotechnologií a nanomateriálů v Evropě a USA"}]}},{"ind2":"3","ind1":"3","index":0,"tag":"246","subFields":{"a":[{"code":"a","index":0,"value":"5. rámcový program evropského výzkumu a technického rozvoje"}]}}],"655":[{"ind2":"7","ind1":" ","index":0,"tag":"655","subFields":{"a":[{"code":"a","index":0,"value":"informační publikace"}],"2":[{"code":"2","index":2,"value":"czenas"}],"7":[{"code":"7","index":1,"value":"fd132454"}]}}],"710":[{"ind2":" ","ind1":"2","index":0,"tag":"710","subFields":{"a":[{"code":"a","index":0,"value":"Oborová kontaktní organizace pro průmyslový výzkum a vývoj v České republice (projekt)"}],"7":[{"code":"7","index":1,"value":"kn20020321414"}]}},{"ind2":" ","ind1":"2","index":0,"tag":"710","subFields":{"a":[{"code":"a","index":0,"value":"Česká společnost pro nové materiály a technologie"}],"7":[{"code":"7","index":1,"value":"kn20020321415"}]}},{"ind2":" ","ind1":"2","index":0,"tag":"710","subFields":{"a":[{"code":"a","index":0,"value":"Česká společnost pro nové materiály a technologie."}],"b":[{"code":"b","index":1,"value":"Oborová kontaktní organizace pro výzkum materiálů a technologií v České republice"}],"7":[{"code":"7","index":2,"value":"kn20020321416"}]}}],"996":[{"ind2":" ","ind1":" ","index":0,"tag":"996","subFields":{"a":[{"code":"a","index":0,"value":"SKC01-000995692"}]}}],"998":[{"ind2":" ","ind1":" ","index":0,"tag":"998","subFields":{"a":[{"code":"a","index":0,"value":"DNT01-000102092"}]}}],"504":[{"ind2":" ","ind1":" ","index":0,"tag":"504","subFields":{"a":[{"code":"a","index":0,"value":"Obsahuje bibliografii"}]}}],"856":[{"ind2":"1","ind1":"4","index":0,"tag":"856","subFields":{"u":[{"code":"u","index":0,"value":"http://krameriusndk.nkp.cz/search/handle/uuid:41fde7c0-43a5-11e2-b246-005056827e52"}],"y":[{"code":"y","index":1,"value":"Digitalizovaný dokument"}]}}],"956":[{"ind2":" ","ind1":"4","index":0,"tag":"956","subFields":{"u":[{"code":"u","index":0,"value":"http://krameriusndk.nkp.cz/search/handle/uuid:41fde7c0-43a5-11e2-b246-005056827e52"}],"9":[{"code":"9","index":1,"value":"A"}]}}],"928":[{"ind2":" ","ind1":"9","index":0,"tag":"928","subFields":{"a":[{"code":"a","index":0,"value":"Repronis"}]}}]}}</field>
<field name="id_ccnb">cnb001025182</field>
<field name="id_ean">9788086122861</field>

<!-- <field name="id_isbn">80-86122-86-7</field>
<field name="id_sdnnt">5d663b686e691dccfd5492485674d574</field>
<field name="id_oaiident">DNT01-000102092</field>
<field name="id_all_identifiers">5d663b686e691dccfd5492485674d574
</field>
<field name="id_all_identifiers">
<str>80-86122-86-7</str>
</field>
<field name="id_all_identifiers">
<str>9788086122861</str>
</field>
<field name="id_all_identifiers">
<str>cnb001025182</str>
</field>
 -->

</doc>
</add>